<?xml version="1.0" encoding="UTF-8"?><collection xmlns="http://www.loc.gov/MARC21/slim"><record><leader>00459nam--2200133-i-4500</leader><controlfield tag="001">000002261</controlfield><controlfield tag="002">20161230</controlfield><controlfield tag="005">20161230201024</controlfield><controlfield tag="008">060222s1000------------r-----000-0-eng-d</controlfield><datafield ind1=" " ind2=" " tag="080"><subfield code="a">620.18</subfield></datafield><datafield ind1=" " ind2=" " tag="245"><subfield code="a">Festkorperphysikalische analysenmethoden zur bestimmung der elektronenstruktur der nachbarschaftsverhaltnisse</subfield></datafield><datafield ind1=" " ind2=" " tag="260"><subfield code="a">Dresden, Zentralinstitut Fur Festkorperphysik Und Werkstofforschung, 1980. 92 P</subfield></datafield><datafield ind1=" " ind2=" " tag="490"><subfield code="a">Wissenschaftliche Berichte</subfield></datafield><datafield ind1=" " ind2=" " tag="852"><subfield code="a">48660</subfield></datafield></record></collection>